@article{corrales2023embodiment,
  title={User Experience Design for Social Robots: A Case Study in Integrating Embodiment},
  author={Corrales-Paredes, Ana and Ortega Sanz, Diego and Terrón-López, María-José and Egido-García, Verónica},
  journal={Sensors},
  volume={23},
  number={11},
  pages={5274},
  year={2023},
  publisher={MDPI},
  doi={10.3390/s23115274}
}
@article{corrales2021embodiment,
  title={Waymarking in Social Robots: Environment Signaling Using Human–Robot Interaction},
  author={Corrales-Paredes, Ana and Malfaz, María and Egido-García, Verónica and A. Salichs, Miguel},
  journal={Sensors},
  volume={21},
  number={23},
  pages={8145},
  year={2021},
  publisher={MDPI},
  doi={10.3390/s21238145}
}
@article{corrales2020embodiment,
  title={Integration of a Social Robot in a Pedagogical and Logopedic Intervention with Children: A Case Study},
  author={Corrales-Paredes, Ana and Estévez, David and Egido-García, Verónica and Terrón-López, María-José and Velasco-Quintana, Paloma-Julia},
  journal={Sensors},
  volume={20},
  number={22},
  pages={6483},
  year={2020},
  publisher={MDPI},
  doi={10.3390/s20226483}
}
@misc{robocupathomeedu,
  author       = {RoboCup@Home Education},
  title        = {RoboCup@Home Education Official Website},
  howpublished = {\url{https://athome.robocup.org/}},
  note         = {Accessed: 2024-11-23}
}
@misc{RoboCupUE,
  author       = {Tech-bROS Team},
  title        = {RoboCupUE: Github organization},
  year         = {2024},
  howpublished = {\url{https://github.com/RoboCupUE}},
  note         = {Accessed: 2024-11-24}
}
@misc{ASTIRobotics2024,
  author       = {{ASTI Foundation}},
  title        = {{Más de un millar de personas asisten a la Gran Final de la 8ª edición de ASTI Robotics Challenge, el torneo de robótica educativa más importante de España}},
  year         = {2024},
  month        = {April},
  howpublished = {\href{https://astifoundation.com/mas-de-un-millar-de-personas-asisten-a-la-gran-final-de-la-8a-edicion-de-asti-robotics-challenge-el-torneo-de-robotica-educativa-mas-importante-de-espana/}{https://astifoundation.com/...}},
  note         = {Accessed: 2024-11-24}
}
@article{Martín2021Semantic,
    title={Semantic 3D Mapping from Deep Image Segmentation},
    author={Francisco Martín and Fernando González and José Miguel Guerrero and Manuel Fernández and Jonatan Ginés},
    journal={Applied Sciences},
    volume={11},
    number={4},
    pages={1953},
    year={2021},
    publisher={MDPI},
    doi={10.3390/app11041953},
    url={https://www.mdpi.com/2076-3417/11/4/1953}
}
